<record><leader>00000cas a22000007a 4500</leader><controlfield tag="001">19092850</controlfield><controlfield tag="008">890201d18881889iduwr ne      0    0eng d</controlfield><datafield ind1=" " ind2=" " tag="010"><subfield code="a">sn 89055030 </subfield><subfield code="z">sn 86091056 </subfield></datafield><datafield ind1=" " ind2=" " tag="040"><subfield code="a">NVB</subfield><subfield code="b">eng</subfield><subfield code="c">NVB</subfield><subfield code="d">OCLCQ</subfield><subfield code="d">OCLCF</subfield><subfield code="d">OCLCO</subfield><subfield code="d">DLC</subfield></datafield><datafield ind1=" " ind2=" " tag="019"><subfield code="a">13050757</subfield></datafield><datafield ind1="1" ind2=" " tag="029"><subfield code="a">AU@</subfield><subfield code="b">000024706885</subfield></datafield><datafield ind1=" " ind2=" " tag="042"><subfield code="a">msc</subfield></datafield><datafield ind1=" " ind2=" " tag="043"><subfield code="a">n-us-id</subfield></datafield><datafield ind1=" " ind2="4" tag="050"><subfield code="a">AN2.I2</subfield><subfield code="b">M68</subfield></datafield><datafield ind1="0" ind2="0" tag="245"><subfield code="a">Mountain Home bulletin.</subfield></datafield><datafield ind1=" " ind2=" " tag="260"><subfield code="a">Mountain Home, Idaho :</subfield><subfield code="b">G.M. Payne, 1888-1889.</subfield></datafield><datafield ind1=" " ind2=" " tag="300"><subfield code="a">1 v. :</subfield><subfield code="b">ill. (chiefly ads)</subfield></datafield><datafield ind1=" " ind2=" " tag="310"><subfield code="a">Weekly</subfield></datafield><datafield ind1="0" ind2=" " tag="362"><subfield code="a">Vol. 2, no. 48 (June 2, 1888) ; v. 1, no. 2 (June 9, 1888)-v. 1, no. 52 (May 25, 1889).</subfield></datafield><datafield ind1=" " ind2=" " tag="500"><subfield code="a">Elmore County was formed from Alturas County in 1889.</subfield></datafield><datafield ind1=" " ind2=" " tag="515"><subfield code="a">The first issue was called vol. 2, no. 48, continuing the numbering of: Range and valley; the second issue was called v. 1, no. 2.</subfield></datafield><datafield ind1=" " ind2=" " tag="580"><subfield code="a">Continues: Range and valley (Mountain Home, Idaho : 1886). Cf. NIM, 1948-83.</subfield></datafield><datafield ind1=" " ind2="0" tag="651"><subfield code="a">Mountain Home (Idaho)</subfield><subfield code="v">Newspapers.</subfield></datafield><datafield ind1=" " ind2="7" tag="651"><subfield code="a">Idaho</subfield><subfield code="z">Mountain Home.</subfield><subfield code="2">fast</subfield><subfield code="0">(OCoLC)fst01220477</subfield></datafield><datafield ind1=" " ind2="7" tag="655"><subfield code="a">Newspapers.</subfield><subfield code="2">fast</subfield><subfield code="0">(OCoLC)fst01423814</subfield></datafield><datafield ind1=" " ind2=" " tag="752"><subfield code="a">United States</subfield><subfield code="b">Idaho</subfield><subfield code="c">Alturas</subfield><subfield code="d">Mountain Home.</subfield></datafield><datafield ind1=" " ind2=" " tag="752"><subfield code="a">United States</subfield><subfield code="b">Idaho</subfield><subfield code="c">Elmore</subfield><subfield code="d">Mountain Home.</subfield></datafield><datafield ind1="0" ind2="0" tag="780"><subfield code="t">Range and valley (Mountain Home, Idaho : 1886)</subfield></datafield><datafield ind1="0" ind2="0" tag="785"><subfield code="t">Elmore bulletin</subfield><subfield code="w">(DLC)sn 86091060</subfield></datafield></record>